<?xml version="1.0" encoding="UTF-8" ?>
<collection xmlns:xsi="http://www.w3.org/2001/XMLSchema-instance"
    xsi:schemaLocation="http://www.loc.gov/MARC21/slim
        http://www.loc.gov/standards/marcxml/schema/MARC21slim.xsd"
    xmlns="http://www.loc.gov/MARC21/slim">
<record>
  <leader>00217cam a2200397 i 4500</leader>
  <controlfield tag="001">b12392571</controlfield>
  <controlfield tag="003">LeBAU</controlfield>
  <controlfield tag="005">20180912</controlfield>
  <controlfield tag="008">970313s1950    ua            ||0 0 ara d</controlfield>
  <datafield tag="035" ind1=" " ind2=" ">
    <subfield code="a">ocn784295197</subfield>
  </datafield>
  <datafield tag="040" ind1=" " ind2=" ">
    <subfield code="a">LEAUB</subfield>
    <subfield code="b">ara</subfield>
    <subfield code="e">rda</subfield>
    <subfield code="c">LEAUB</subfield>
    <subfield code="d">LEAUB</subfield>
  </datafield>
  <datafield tag="082" ind1="0" ind2="4">
    <subfield code="a">297.52</subfield>
    <subfield code="2">20</subfield>
  </datafield>
  <datafield tag="100" ind1="1" ind2=" ">
    <subfield code="6">880-01</subfield>
    <subfield code="a">Zamakhsharī, Maḥmūd ibn ʻUmar,</subfield>
    <subfield code="d">1075-1144,</subfield>
    <subfield code="e">author.</subfield>
  </datafield>
  <datafield tag="245" ind1="1" ind2="0">
    <subfield code="6">880-02</subfield>
    <subfield code="a">Aṭwāq al-dhahab fī al-mawāʻiẓ wa-al-khuṭab :</subfield>
    <subfield code="b">wa-hiya taḥtawī ʻalá miʼat maqālah fī al-mawāʻiẓ wa-al-naṣāyiḥ wa-al-ḥikam wa-makārim al-akhlāq ilakh /</subfield>
    <subfield code="c">lil-imām ʻallāmat al-dunyā bi-lā khilāf Abū al-Qāsim Maḥmūd ibn ʻUmar al-Zamakhsharī, ṣāḥib al-Kashshāf al-mutawaffá sanat 538 H. ʻalayhā jumlat shurūḥ mukhtaṣarah min Qalā’id al-Adab fī Sharḥ Aṭwāq al-Dhahab. Ayḍan min sharḥ al-Shaykh Yūsuf Afandī al-Asīr wa-ghayrihim wa-hadhā al-sharḥ ajmaʻ min kul al-shurūḥ ilakh.</subfield>
  </datafield>
  <datafield tag="264" ind1=" " ind2="1">
    <subfield code="6">880-03</subfield>
    <subfield code="a">Miṣr :</subfield>
    <subfield code="b">ʻAbd al-Ḥamīd Aḥmad Ḥanafī,</subfield>
    <subfield code="c">1370 H., [1950? M.]</subfield>
  </datafield>
  <datafield tag="300" ind1=" " ind2=" ">
    <subfield code="6">880-04</subfield>
    <subfield code="a">108 pages ;</subfield>
    <subfield code="c">20 cm</subfield>
  </datafield>
  <datafield tag="336" ind1=" " ind2=" ">
    <subfield code="a">text</subfield>
    <subfield code="b">txt</subfield>
    <subfield code="2">rdacontent</subfield>
  </datafield>
  <datafield tag="337" ind1=" " ind2=" ">
    <subfield code="a">unmediated</subfield>
    <subfield code="b">n</subfield>
    <subfield code="2">rdamedia</subfield>
  </datafield>
  <datafield tag="338" ind1=" " ind2=" ">
    <subfield code="a">volume</subfield>
    <subfield code="b">nc</subfield>
    <subfield code="2">rdacarrier</subfield>
  </datafield>
  <datafield tag="650" ind1=" " ind2="4">
    <subfield code="a">المواعظ الاسلامية العربية</subfield>
    <subfield code="v">1800اعمال قديمة حتى .</subfield>
  </datafield>
  <datafield tag="650" ind1=" " ind2="4">
    <subfield code="a">الاخلاق الاسلامية</subfield>
    <subfield code="v">1800اعمال قديمة حتى .</subfield>
  </datafield>
  <datafield tag="650" ind1=" " ind2="0">
    <subfield code="a">Islamic sermons, Arabic</subfield>
    <subfield code="v">Early works to 1800.</subfield>
  </datafield>
  <datafield tag="650" ind1=" " ind2="0">
    <subfield code="a">Islamic ethics</subfield>
    <subfield code="v">Early works to 1800.</subfield>
  </datafield>
  <datafield tag="700" ind1="1" ind2="2">
    <subfield code="6">880-05</subfield>
    <subfield code="a">Iʻtiṣāmī, Yūsuf.</subfield>
    <subfield code="t">Qalāʼid al-adab fī sharḥ Aṭwāq al-dhahab.</subfield>
  </datafield>
  <datafield tag="700" ind1="1" ind2="2">
    <subfield code="6">880-06</subfield>
    <subfield code="a">Ibn al-Asīr, Yūsuf ibn ʻAbd al-Qādir,</subfield>
    <subfield code="d">1816 or 1817-1889 or 1890.</subfield>
    <subfield code="t">Sharḥ aṭwāq al-dhahab.</subfield>
  </datafield>
  <datafield tag="852" ind1=" " ind2=" ">
    <subfield code="a">Jafet Library</subfield>
    <subfield code="e">American University of Beirut, Bliss Street , Beirut, Lebanon.</subfield>
  </datafield>
  <datafield tag="880" ind1="1" ind2=" ">
    <subfield code="6">100-01/(3/r</subfield>
    <subfield code="a">الزمخشري، محمود بن عمر،</subfield>
    <subfield code="d">1075-1144،</subfield>
    <subfield code="e">مؤلف. </subfield>
    <subfield code="4">aut.</subfield>
  </datafield>
  <datafield tag="880" ind1="1" ind2="0">
    <subfield code="6">245-02/(3/r</subfield>
    <subfield code="a">أطواق الذهب في المواعظ والخطب :</subfield>
    <subfield code="b">وهي تحتوي على مائة مقالة في المواعظ والنصايح والحكم ومكارم الأخلاق إلخ /</subfield>
    <subfield code="c">للإمام علامة الدنيا بلا خلاف أبوالقاسم محمود بن عمر الزمخشري، صاحب الكشاف المتوفى سنة 538 هـ. عليها جملة شروح مختصرة من قلائد الأدب في شرح أطواق الذهب. أيضا من شرح الشيخ يوسف أفندي الأسير وهذا الشرح أجمع من كل الشروح. إلخ.</subfield>
  </datafield>
  <datafield tag="880" ind1=" " ind2="1">
    <subfield code="6">264-03/(3/r</subfield>
    <subfield code="a">مصر :</subfield>
    <subfield code="b">عبد الحميد أحمد حنفي،</subfield>
    <subfield code="c">1370 هـ.، [1950؟ م.]</subfield>
  </datafield>
  <datafield tag="880" ind1=" " ind2=" ">
    <subfield code="6">300-04/(3/r</subfield>
    <subfield code="a">108 صفحات ؛</subfield>
    <subfield code="c">20 سم</subfield>
  </datafield>
  <datafield tag="880" ind1="1" ind2="2">
    <subfield code="6">700-05/(3/r</subfield>
    <subfield code="a">اعتصامي، يوسف.</subfield>
    <subfield code="t">قلائد الأدب في شرح أطواق الذهب.</subfield>
  </datafield>
  <datafield tag="880" ind1="1" ind2="2">
    <subfield code="6">700-06/(3/r</subfield>
    <subfield code="a">ابن الاسير، يوسف بن عبد  القادر،</subfield>
    <subfield code="d">1816 او 1817-1889 او 1890.</subfield>
    <subfield code="t">شرح أطواق الذهب.</subfield>
  </datafield>
  <datafield tag="907" ind1=" " ind2=" ">
    <subfield code="a">.b12392571</subfield>
    <subfield code="b">18-09-18</subfield>
    <subfield code="c">11-05-24</subfield>
  </datafield>
  <datafield tag="907" ind1=" " ind2=" ">
    <subfield code="a">.b12392571</subfield>
    <subfield code="b">15-10-15</subfield>
    <subfield code="c">11-05-24</subfield>
  </datafield>
  <datafield tag="945" ind1=" " ind2=" ">
    <subfield code="f">J</subfield>
    <subfield code="a">297.52:Z23aA:c.1</subfield>
    <subfield code="i">01005421</subfield>
    <subfield code="j">.i12852430</subfield>
    <subfield code="l">u0503</subfield>
  </datafield>
  <datafield tag="998" ind1=" " ind2=" ">
    <subfield code="a">u05</subfield>
    <subfield code="b">97-03-13</subfield>
    <subfield code="c">m</subfield>
    <subfield code="d">a  </subfield>
    <subfield code="e">-</subfield>
    <subfield code="f">ara</subfield>
    <subfield code="g">ua </subfield>
    <subfield code="h">0</subfield>
    <subfield code="i">1</subfield>
  </datafield>
</record>
</collection>
